@software{gnupg,
    type      = {Computer software},
    url       = {https://gnupg.org/},
    author    = {{The GnuPG Project}},
    title     = {GNU Privacy Guard}
}

@software{gnutar,
    type      = {Computer software},
    url       = {https://www.gnu.org/software/tar/},
    author    = {{The GNU Project}},
    title     = {GNU Tar}
}

@software{xzutils,
    type      = {Computer software},
    url       = {https://tukaani.org/xz/},
    author    = {{Tukaani Developers}},
    title     = {XZ Utils}
}

@software{gcc,
    type      = {Computer software},
    url       = {https://gcc.gnu.org/},
    author    = {{The GNU Project}},
    title     = {GNU Compiler Collection}
}

@software{clang,
    type      = {Computer software},
    url       = {https://llvm.org/},
    author    = {{The LLVM Project}},
    title     = {The LLVM Compiler Infrastructure}
}

@book{calcote2010,
    author    = {Calcote, John},
    title     = {Autotools},
    subtitle  = {A Practitioner's Guide to GNU Autoconf, Automake, and Libtool},
    publisher = {{no starch press}},
    location  = {San Francisco},
    isbn      = {1593272065},
    year      = {2010}
}

@article{greengard1997,
  author         = {Greengard, Leslie F. and Rokhlin, Vladimir},
  title          = {A new version of the Fast Multipole Method for the
 {Laplace} equation in three dimensions},
  journaltitle   = {Acta Numerica},
  volume         = {6},
  year           = {1997},
  month          = {1},
  pages          = {229--269},
  doi            = {10.1017/S0962492900002725},
  issn           = {0962--4929},
  publisher      = {Cambridge University Press}
}

@article{dehnen2014,
  title          = {A fast multipole method for stellar dynamics},
  author         = {Dehnen, Walter},
  journaltitle   = {Computational Astrophysics and Cosmology},
  year           = {2014},
  number         = {1},
  volume         = {1},
  pages          = {1--23},
  doi            = {10.1186/s40668-014-0001-7},
  publisher      = {Springer}
}

@article{yokota2013b,
  title                    = {An {FMM} Based on Dual Tree Traversal for Many-Core Architectures},
  author                   = {Yokota, Rio},
  journaltitle             = {Journal of Algorithms \& Computational Technology},
  year                     = {2013},
  month                    = {9},
  volume                   = {7},
  number                   = {3},
  pages                    = {301--324},
  doi                      = {10.1260/1748-3018.7.3.301},
  issn                     = {1748--3018},
  publisher                = {SAGE}
}

@article{greengard1987,
  title                    = {A fast algorithm for particle simulations},
  author                   = {Greengard, Leslie F. and Rokhlin, Vladimir},
  journaltitle             = {Journal of Computational Physics},
  year                     = {1987},
  month                    = {12},
  number                   = {2},
  pages                    = {325--348},
  volume                   = {73},
  doi                      = {10.1016/0021-9991(87)90140-9},
  issn                     = {0021--9991},
  publisher                = {Elsevier}
}

@article{dehnen2002,
  author                   = {Dehnen, Walter},
  title                    = {A Hierarchical {O(N)} Force Calculation Algorithm},

  journaltitle             = {Journal of Computational Physics},
  year                     = {2002},
  month                    = {6},
  number                   = {1},
  pages                    = {27--42},
  volume                   = {179},
  doi                      = {10.1006/jcph.2002.7026},
  issn                     = {0021--9991},
  publisher                = {Elsevier}
}

@article{blispaper,
  author        = {van Zee, Field G. and van de Geĳn, Robert A.},
  title         = {{BLIS}: A Framework for Rapidly Instantiating {BLAS} Functionality},
  journal       = {{ACM} Transactions on Mathematical Software},
  year          = {2015},
  month         = {6},
  volume        = {41},
  number        = {3},
  pages         = {1--33},
  doi           = {10.1145/2764454}
}

@software{blisproject,
    type      = {Computer software},
    url       = {https://github.com/flame/blis},
    author    = {{The BLIS Project}},
    title     = {{BLAS-like Library Instantiation Software Framework}}
}

@online{laffproject,
  author        = {van de Geĳn, Robert A. and Myers, Margaret and Parikh, Devangi},
  title         = {{LAFF}-On Programming for High Performance},
  year          = {2021},
  month         = {6},
  day           = {21},
  url           = {https://www.cs.utexas.edu/users/flame/laff/pfhp/},
  organization  = {ulaff.net}
}

@article{fischer2004,
  author        = {Fischer, Kaspar and Gärtner, Bernd},
  title         = {The Smallest Enclosing Ball of Balls: Combinatorial
Structure and Algorithms},
  year          = {2004},
  month         = {10},
  volume        = {14},
  number        = {04n05},
  pages         = {341--378},
  journal       = {International Journal of Computational Geometry \& Applications},
  issn          = {0218--1959},
  doi           = {10.1142/S0218195904001500},
  publisher     = {World Scientific}
}